%--------------------------------------------
%--------------- Artigos --------------------
%--------------------------------------------

@article{mayer1999,
title = {Air pollution in cities},
journal = {Atmospheric Environment},
volume = {33},
number = {24},
pages = {4029-4037},
year = {1999},
issn = {1352-2310},
doi = {https://doi.org/10.1016/S1352-2310(99)00144-2},
url = {https://www.sciencedirect.com/science/article/pii/S1352231099001442},
author = {Helmut Mayer},
}

@article{polivka2018,
author={Polivka, Barbara J.},
title={The Great London Smog of 1952},
journal={AJN The American Journal of Nursing},
year={2018},
volume={118},
number={4},
url={https://journals.lww.com/ajnonline/Fulltext/2018/04000/The_Great_London_Smog_of_1952.34.aspx}
}

@article{jones2006,
author={Jones, David Seth},
title={ASEAN and transboundary haze pollution in Southeast Asia},
journal={Asia Europe Journal},
year={2006},
month={Sep},
day={01},
volume={4},
number={3},
pages={431-446},
doi={10.1007/s10308-006-0067-1},
url={https://doi.org/10.1007/s10308-006-0067-1}
}

@article{nemery2001,
  title={The Meuse Valley fog of 1930: an air pollution disaster},
  author={Nemery, Benoit and Hoet, Peter HM and Nemmar, Abderrahim},
  journal={The lancet},
  volume={357},
  number={9257},
  pages={704--708},
  year={2001},
  publisher={Elsevier}
}

@article{yeo2000,
  title={A new family of power transformations to improve normality or symmetry},
  author={Yeo, In-Kwon and Johnson, Richard A},
  journal={Biometrika},
  volume={87},
  number={4},
  pages={954--959},
  year={2000},
  publisher={Oxford University Press}
}

@article{gocheva2014,
  title={Time series analysis and forecasting for air pollution in small urban area: an SARIMA and factor analysis approach},
  author={Gocheva-Ilieva, Snezhana Georgieva and Ivanov, Atanas Valev and Voynikova, Desislava Stoyanova and Boyadzhiev, Doychin Todorov},
  journal={Stochastic environmental research and risk assessment},
  volume={28},
  number={4},
  pages={1045--1060},
  year={2014},
  publisher={Springer}
}

@article{liang2020machine,
  title={Machine Learning-Based Prediction of Air Quality},
  author={Liang, Yun-Chia and Maimury, Yona and Chen, Angela Hsiang-Ling and Juarez, Josue Rodolfo Cuevas},
  journal={Applied Sciences},
  volume={10},
  number={24},
  pages={9151},
  year={2020},
  publisher={Multidisciplinary Digital Publishing Institute}
}

%--------------------------------------------
%---------------- Livros --------------------
%--------------------------------------------

@book{who2006,
  author         = {WHO},
  title          = {Air Quality Guidelines: Global Update 2005; Particulate Matter, Ozone, Nitrogen Dioxide and Sulfur Dioxide},
  publisher      = {WHO},
  year           = {2006},
  pages          = {484pp},
}

%--------------------------------------------
%---------------- Report --------------------
%--------------------------------------------

@techreport{relatorio2011,
  author      = {{Secretaria do Meio-Ambiente do Rio de Janeiro}},
  title       = {Qualidade do Ar 
  na Cidade do Rio de Janeiro: Relatório da Rede {MonitorAr-Rio}},
  institution = {Rio de Janeiro},
  year        = {2011-2012}
}

@misc{conama-air-pollution,
  author       = {{BRASIL. Conselho Nacional do Meio Ambiente}},
  title        = {Resolução CONAMA n° 003, de 22 de agosto de 1990.},
  howpublished = {Available at \url{https://www.ufjf.br/baccan/files/2012/11/Resolucao_003_CONAMA_de_1990-Padroes-de-qualidade-do-ar.pdf}},
  year         = {1990}
}

@misc{guia-tecnico-mma,
  author       = {{Ministério do Meio Ambiente}},
  title        = {{Guia técnico para o monitoramento e avaliação da qualidade do ar}},
  howpublished = {Available at \url{https://www.gov.br/mma/pt-br/centrais-de-conteudo/mma-guia-tecnico-qualidade-do-ar-pdf}},
  year         = {2019}
}

%--------------------------------------------
%--------------- Webites --------------------
%--------------------------------------------

@misc{dataset-rio-ar-quality,
author = {{Prefeitura da Cidade do Rio de Janeiro}},
title = {Dados horários do monitoramento da qualidade do ar - {MonitorAr}},
howpublished= "Available at \url{https://www.data.rio/datasets/PCRJ::dados-hor%C3%A1rios-do-monitoramento-da-qualidade-do-ar-monitorar/about}", 
year = {2021} } 

@misc{gases,
author = {Sherrard, Melissa},
title = {Gases That Cause Air Pollution},
howpublished = "Available at \url{https://sciencing.com/gases-cause-air-pollution-7445467.html}", 
year = {2018}}

@misc{data-deaths-air-pollution,
  author       = {{Health Effects Institute}},
  title        = {{State of Global Air 2020. Data source: Global Burden of Disease Study 2019}},
  howpublished = {Available at \url{https://www.stateofglobalair.org/data/#/health/plot}},
  year         = {IHME, 2020}
}

@misc{climatempo,
  author       = {Climatempo},
  title        = {Média de chuva de maio no Rio de Janeiro fica acima do normal},
  howpublished = {Available at \url{https://www.climatempo.com.br/noticia/2020/06/01/media-de-chuva-de-maio-no-rio-de-janeiro-fica-cima-do-normal-3857}},
  year         = {2020}
}

%--------------------------------------------
%-------------- Softwares --------------------
%--------------------------------------------

@misc{pandas1,
    author       = {The pandas development team},
    title        = {pandas-dev/pandas: Pandas},
    month        = {2},
    year         = {2020},
    publisher    = {Zenodo},
    version      = {latest},
    doi          = {10.5281/zenodo.3509134},
    url          = {https://doi.org/10.5281/zenodo.3509134}
}

@InProceedings{pandas2,
  author    = { {W}es {M}c{K}inney },
  title     = { {D}ata {S}tructures for {S}tatistical {C}omputing in {P}ython },
  booktitle = { {P}roceedings of the 9th {P}ython in {S}cience {C}onference },
  pages     = { 56 - 61 },
  year      = { 2010 },
  editor    = { {S}t\'efan van der {W}alt and {J}arrod {M}illman },
  doi       = { 10.25080/Majora-92bf1922-00a }
}

@article{numpy,
 title         = {Array programming with {NumPy}},
 author        = {Charles R. Harris and K. Jarrod Millman and St{\'{e}}fan J. van der Walt{\it et al}},
 year          = {2020},
 month         = sep,
 journal       = {Nature},
 volume        = {585},
 number        = {7825},
 pages         = {357--362},
 doi           = {10.1038/s41586-020-2649-2},
 publisher     = {Springer Science and Business Media {LLC}},
 url           = {https://doi.org/10.1038/s41586-020-2649-2}
}

@article{scikit-learn,
 title={Scikit-learn: Machine Learning in {P}ython},
 author={Pedregosa, F. and Varoquaux, G. and Gramfort, A. and Michel, V.
         and Thirion, B. and Grisel, O. and Blondel, M. and Prettenhofer, P.
         and Weiss, R. and Dubourg, V. and Vanderplas, J. and Passos, A. and
         Cournapeau, D. and Brucher, M. and Perrot, M. and Duchesnay, E.},
 journal={Journal of Machine Learning Research},
 volume={12},
 pages={2825--2830},
 year={2011}
}

@inproceedings{statsmodels,
  title={statsmodels: Econometric and statistical modeling with python},
  author={Seabold, Skipper and Perktold, Josef},
  booktitle={9th Python in Science Conference},
  year={2010},
}

%--------------------------------------------
%---------------- Outros --------------------
%--------------------------------------------

@misc{banguSecretaria,
title = {Dados do Rio},
author = {Armazenzinho do Rio},
howpublished = "\url{http://pcrj.maps.arcgis.com/apps/MapJournal/
index.html?appid=9843cc37b0544b55bd5625e96411b0ee}",
year = {2019} }

@misc{inmetBangu,
title = {Gráficos Climatológicos},
author = {INMET},
howpublished = "\url{http://www.inmet.gov.br/portal/
index.php?r=clima/graficosClimaticos}",
year = {2019} }

@book{forecasting,
author = {Rob J Hyndman and George Athanasopoulos},
title = {Forecasting: Principles and Practice},
publisher = {OTexts: Melbourne, Australia},
year      = {2018},
volume    = {4},
address   = {https://otexts.com/fpp2/},
edition   = {2}}
@misc{travelRio,
title = {The 50 Most Beautiful Cities in the World},
author = {Morton, Caitlin},
howpublished = "\url{https://www.cntraveler.com/galleries
/2016-01-08/the-50-most-beautiful-cities-in-the-world}",
year = {4 de abril 2019} }

@misc{boletim,
author={MonitorAr-Rio},
title={Boletim de Qualidade do Ar},
howpublished="\url{http://jeap.rio.rj.gov.br/je-metinfosmac/
    institucional/docs/saibamais_boletim.pdf}",
year = {2019}}

@misc{ozone,
title = {Ozone},
author = {Encyclopedia Britannica},
howpublished = "\url{https://www.britannica.com}",
journal={Britannia},
year = {2019}}

@misc{adf-test,
title = {Augmented Dickey-Fuller Test in Python},
author = {InsightsBot},
howpublished =
"\url{http://www.insightsbot.com/augmented-dickey-fuller-test-in-python/}",
year = {2019}}

@book{econometria,
title = {Econometria de Séries Temporais},
author = {Rodrigo de Losso da Silveira Bueno},
publisher = {Cengage Learning},
year = {2012},
edition = {2}}

@article{solarRadiation,
    author  = "Thomas K. Van Heuklon",
    title   = "Estimating atmospheric ozone for solar radiation models",
    year    = "1979",
    journal = "Solar Energy",
    volume  = "22",
    number  = "1",
    pages   = "63-68"
}

@misc{tsa, title = {The Complete Guide to Time Series Analysis and
Forecasting}, author = {Marco Peixeiro}, howpublished =
"\url{https://towardsdatascience.com/the-complete-guide-to-time-series-analysis-and-forecasting-70d476bfe775}",
year = {2019}}

@misc{tsf, 
title = {An overview of time series forecasting models}, author = {Davide Burba}, 
howpublished =
"\url{https://towardsdatascience.com/an-overview-of-time-series-forecasting-models-a2fa7a358fcb}",
year = {2019}
}




